<?xml version="1.0" encoding="UTF-8"?><collection xmlns="http://www.loc.gov/MARC21/slim"><record><leader>00431nam--2200169-u-4500</leader><controlfield tag="001">000051849</controlfield><controlfield tag="002">20161230</controlfield><controlfield tag="005">20170108232323</controlfield><controlfield tag="008">090318s1000------------r-----000-0-eng-d</controlfield><datafield ind1=" " ind2=" " tag="040"><subfield code="a">IFIN-HH</subfield></datafield><datafield ind1="1" ind2=" " tag="100"><subfield code="a">Mishchenko, A. S</subfield></datafield><datafield ind1="1" ind2="0" tag="245"><subfield code="a">Lagranzhevy Mnogoobraziya i metod Kanonicheskogo Operatora</subfield></datafield><datafield ind1=" " ind2=" " tag="260"><subfield code="a">Moskva</subfield><subfield code="b">Nauka</subfield></datafield><datafield ind1=" " ind2=" " tag="300"><subfield code="a">351 p</subfield></datafield><datafield ind1=" " ind2=" " tag="700"><subfield code="a">Sternin, B. Yu</subfield></datafield><datafield ind1=" " ind2=" " tag="852"><subfield code="a">47333</subfield><subfield code="c">517.9</subfield></datafield><datafield ind1=" " ind2=" " tag="CAT"><subfield code="a">SYS</subfield><subfield code="c">20170108</subfield><subfield code="h">232323</subfield></datafield></record></collection>